

@inproceedings{voxnet,
    author = "Maturana, D. and Scherer, S.",
    title = "{VoxNet: A 3D Convolutional Neural Network for Real-Time Object Recognition}",
    booktitle = "{IROS}",
    year = "2015",
}


@inproceedings{shape,
    author = "Wu, Z. and Song, S. and Khosla, A. and  Yu, F. and Zhang, L. and Tang, X. and Xiao, J. ",
    title = "{3D ShapeNets: A Deep Representation for Volumetric Shapes}",
    booktitle = "{CVPR}",
    year = "2015",
}

@inproceedings{cnn,
    author = "A. S. Razavian, H. Azizpour, J. Sullivan, and S. Carlsson",
    title = "{CNN features off-the-shelf: an astounding baseline for recognition}",
    booktitle = "{CoRR, vol. abs/1403.6382}",
    year = "2014",
}

@inproceedings{krizhevsky2012imagenet,
  title={Imagenet classification with deep convolutional neural networks},
  author={Krizhevsky, Alex and Sutskever, Ilya and Hinton, Geoffrey E},
  booktitle={Advances in neural information processing systems},
  pages={1097--1105},
  year={2012}
}


@misc{sun,
  title = {SUN database},
  howpublished = {\url{http://sun.cs.princeton.edu/}}
}

@misc{udacity,
  title = {Udacity Deep Learning},
  howpublished = {\url{https://www.udacity.com/course/deep-learning--ud730}}
}

@misc{mature,
  title = {D. Maturana Website},
  howpublished = {\url{http://www.dimatura.net/pages/3dcnn.html}}
}



@inproceedings{socher2012convolutional,
  title={Convolutional-recursive deep learning for 3d object classification},
  author={Socher, Richard and Huval, Brody and Bath, Bharath and Manning, Christopher D and Ng, Andrew Y},
  booktitle={Advances in Neural Information Processing Systems},
  pages={665--673},
  year={2012}
}

@inproceedings{hoft2014fast,
  title={Fast semantic segmentation of RGB-D scenes with GPU-accelerated deep neural networks},
  author={H{\"o}ft, Nico and Schulz, Hannes and Behnke, Sven},
  booktitle={Joint German/Austrian Conference on Artificial Intelligence (K{\"u}nstliche Intelligenz)},
  pages={80--85},
  year={2014},
  organization={Springer International Publishing}
}

@article{ji20133d,
  title={3D convolutional neural networks for human action recognition},
  author={Ji, Shuiwang and Xu, Wei and Yang, Ming and Yu, Kai},
  journal={IEEE Transactions on Pattern Analysis and Machine Intelligence},
  volume={35},
  number={1},
  pages={221--231},
  year={2013},
  publisher={IEEE}
}

@inproceedings{teichman2011towards,
  title={Towards 3D object recognition via classification of arbitrary object tracks},
  author={Teichman, Alex and Levinson, Jesse and Thrun, Sebastian},
  booktitle={Robotics and Automation (ICRA), 2011 IEEE International Conference on},
  pages={4034--4041},
  year={2011},
  organization={IEEE}
}

@inproceedings{golovinskiy2009shape,
  title={Shape-based recognition of 3D point clouds in urban environments},
  author={Golovinskiy, Aleksey and Kim, Vladimir G and Funkhouser, Thomas},
  booktitle={2009 IEEE 12th International Conference on Computer Vision},
  pages={2154--2161},
  year={2009},
  organization={IEEE}
}

@inproceedings{koppula2011semantic,
  title={Semantic labeling of 3d point clouds for indoor scenes},
  author={Koppula, Hema S and Anand, Abhishek and Joachims, Thorsten and Saxena, Ashutosh},
  booktitle={Advances in Neural Information Processing Systems},
  pages={244--252},
  year={2011}
}
