%% This BibTeX bibliography file was created using BibDesk.
%% http://bibdesk.sourceforge.net/


%% Created for Johannes Oswald at 2016-03-07 13:12:47 +0100 


%% Saved with string encoding Unicode (UTF-8) 



@webpage{uda,
	Date-Added = {2016-03-07 12:10:11 +0000},
	Date-Modified = {2016-03-07 12:10:25 +0000},
	Title = {https://www.udacity.com/course/deep-learning--ud730},
	Url = {https://www.udacity.com/course/deep-learning--ud730}}

@article{Mat,
	Author = {D. Maturana and S. Scherer},
	Date-Added = {2016-03-07 11:28:02 +0000},
	Date-Modified = {2016-03-07 11:29:12 +0000},
	Journal = {International Conference on Intelligent Robots and Systems (IROS2015)},
	Title = {VoxNet: A 3D Convolutional Neural Network for Real-Time Object Recognition},
	Year = {2015}}

@article{wu,
	Author = {Z. Wu and S. Song and A. Khosla and F. Yu, L. Zhang and X. Tang and J. Xiao},
	Date-Modified = {2016-03-07 11:27:58 +0000},
	Journal = {Proceedings of 28th IEEE Conference on Computer Vision and Pattern Recognition (CVPR2015)},
	Title = {3D ShapeNets: A Deep Representation for Volumetric Shapes},
	Year = {2015}}
